@misc{x86-rings,
author = {},
title = {CPU Rings, Privilege, and Protection - Gustavo Duarte},
howpublished = {\url{http://duartes.org/gustavo/blog/post/cpu-rings-privilege-and-protection/}},
month = {},
year = {},
}

@misc{protection_ring,
author = {},
title = {Protection ring - Wikipedia},
howpublished = {\url{https://en.wikipedia.org/wiki/Protection_ring}},
month = {},
year = {},
}

@book{address_translation,
	author = {Daniel P. Bovet, Marco Cesati},
	title = {Understanding the Linux Kernel},
	publisher = {O'Reilly Media},
	year = {2005},
	edition = 3,
	note = {page 36}
}

@misc{task_state_segment,
author = {},
title = {Task State Segment},
howpublished = {\url{https://en.wikipedia.org/wiki/Task_state_segment}},
month = {},
year = {},
}

@misc{paging,
author = {},
title = {Paging},
howpublished = {\url{http://wiki.osdev.org/Paging}},
month = {},
year = {},
}
